@book{tehranipoor2015counterfeit,
  title={Counterfeit Integrated Circuits: Detection and Avoidance},
  author={Tehranipoor, M.M. and Guin, U. and Forte, D.},
  isbn={9783319118246},
  url={https://books.google.ca/books?id=2yqkBgAAQBAJ},
  year={2015},
  publisher={Springer International Publishing}
}


@misc{LectureA,
  Author = {Edward Suh, G. and Oâ€™Donnell, C.W. and 
Sachdev, I. and Srinivas, D.},
  Title = {{PUF} Overview and Key Management},
  Year = {2005},
  Howpublished = {Universty Lecture},
  url={https://pages.cs.wisc.edu/~isca2005/slides/01-03.PPT}
}

@article{guin2014counterfeit,
  title={Counterfeit integrated circuits: detection, avoidance, and the challenges ahead},
  author={Guin, Ujjwal and DiMase, Daniel and Tehranipoor, Mohammad},
  journal={Journal of Electronic Testing},
  volume={30},
  number={1},
  pages={9--23},
  year={2014},
  publisher={Springer}
}

@article{proceedings,
  title={Counterfeit integrated circuits: a rising threat in the global semiconductor supply chain},
  author={Guin, Ujjwal and Huang, Ke and DiMase, Daniel and Carulli, John M and Tehranipoor, Mohammad and Makris, Yiorgos},
  journal={Proceedings of the IEEE},
  volume={102},
  number={8},
  pages={1207--1228},
  year={2014},
  publisher={IEEE}
}

@article{challenges,
  title={Counterfeit IC detection and challenges ahead},
  author={Guin, U and Tehranipoor, M and DiMase, D and Megrdician, M},
  journal={ACM SIGDA},
  volume={43},
  number={3},
  year={2013}
}

@book{tehranipoor2011introduction,
  title={Introduction to Hardware Security and Trust},
  author={Tehranipoor, M. and Wang, C.},
  isbn={9781441980809},
  lccn={2011935539},
  series={SpringerLink : B{\"u}cher},
  url={https://books.google.ca/books?id=bNiw9448FeIC},
  year={2011},
  publisher={Springer}
}

@inproceedings{CSST,
  title={{CSST}: An efficient secure split-test for preventing ic piracy},
  author={Rahman, Md Tauhidur and Forte, Domenic and Shi, Quihang and Contreras, Gustavo K and Tehranipoor, Mohammad},
  booktitle={Test Workshop (NATW), 2014 IEEE 23rd North Atlantic},
  pages={43--47},
  year={2014},
  organization={IEEE}
}

@inproceedings{SST,
  title={Secure split-test for preventing IC piracy by untrusted foundry and assembly},
  author={Contreras, Gustavo K and Rahman, Md Tauhidur and Tehranipoor, Mohammad},
  booktitle={2013 IEEE International Symposium on Defect and Fault Tolerance in VLSI and Nanotechnology Systems (DFTS)},
  pages={196--203},
  year={2013},
  organization={IEEE}
}

@inproceedings{Split,
  title={Is split manufacturing secure?},
  author={Rajendran, Jeyavijayan JV and Sinanoglu, Ozgur and Karri, Ramesh},
  booktitle={Proceedings of the Conference on Design, Automation and Test in Europe},
  pages={1259--1264},
  year={2013},
  organization={EDA Consortium}
}

@inproceedings{Trusted,
  title={Building trusted ICs using split fabrication},
  author={Vaidyanathan, Kaushik and Das, Bishnu P and Sumbul, Ekin and Liu, Renzhi and Pileggi, Larry},
  booktitle={Hardware-Oriented Security and Trust (HOST), 2014 IEEE International Symposium on},
  pages={1--6},
  year={2014},
  organization={IEEE}
}

@inproceedings{vaidyanathan2014detecting,
  title={Detecting reliability attacks during split fabrication using test-only BEOL stack},
  author={Vaidyanathan, Kaushik and Das, Bishnu P and Pileggi, Larry},
  booktitle={Proceedings of the 51st Annual Design Automation Conference},
  pages={1--6},
  year={2014},
  organization={ACM}
}

@inproceedings{becker2013stealthy,
  title={Stealthy dopant-level hardware trojans},
  author={Becker, Georg T and Regazzoni, Francesco and Paar, Christof and Burleson, Wayne P},
  booktitle={International Workshop on Cryptographic Hardware and Embedded Systems},
  pages={197--214},
  year={2013},
  organization={Springer}
}