@Online{otn1, title = {Understanding 100G OTN - 100G Testing - Exploring test methodologies for 100G Ethernet and 100G OTN high speed optical networks}, author = {}, organization = {}, file = {:./references/Understanding 100G OTN - 100G Testing - Exploring test methodologies for 100G Ethernet and 100G OTN high speed optical networks.html:html}, url = {http://testing100g.net/understanding-100g-otn/}, urldate = {2017-03-01} }

@Online{otn2, title = {100G Network: Evolution and Challenges | Blog}, author = {}, organization = {}, file = {:./references/100G Network: Evolution and Challenges | Blog.html:html}, url = {http://www.exfo.com/corporate/blog/2011/100g-network-evolution-challenges}, urldate = {2017-03-01} }